@article{Buluc:13,
  author    = {Aydin Bulu{\c{c}} and
               Henning Meyerhenke and
               Ilya Safro and
               Peter Sanders and
               Christian Schulz},
  title     = {Recent Advances in Graph Partitioning},
  journal   = {CoRR},
  volume    = {abs/1311.3144},
  year      = {2013},
  url       = {http://arxiv.org/abs/1311.3144},
  timestamp = {Wed, 30 Jul 2014 17:00:45 +0200},
  biburl    = {http://dblp.uni-trier.de/rec/bib/journals/corr/BulucMSSS13},
  bibsource = {dblp computer science bibliography, http://dblp.org}
}

@article{Kuang:15,
  title={SymNMF: nonnegative low-rank approximation of a similarity matrix for graph clustering},
  author={Kuang, Da and Yun, Sangwoon and Park, Haesun},
  journal={Journal of Global Optimization},
  volume={62},
  number={3},
  pages={545--574},
  year={2015},
  publisher={Springer}
}

@article{Kim:11,
  title={Fast nonnegative matrix factorization: An active-set-like method and comparisons},
  author={Kim, Jingu and Park, Haesun},
  journal={SIAM Journal on Scientific Computing},
  volume={33},
  number={6},
  pages={3261--3281},
  year={2011},
  publisher={SIAM}
}

@inproceedings{Ding:05,
  title={On the Equivalence of Nonnegative Matrix Factorization and Spectral Clustering.},
  author={Ding, Chris HQ and He, Xiaofeng and Simon, Horst D},
  booktitle={SDM},
  volume={5},
  pages={606--610},
  year={2005},
  organization={SIAM}
}

@article{Chan:94,
  title={Spectral k-way ratio-cut partitioning and clustering},
  author={Chan, Pak K and Schlag, Martine DF and Zien, Jason Y},
  journal={Computer-Aided Design of Integrated Circuits and Systems, IEEE Transactions on},
  volume={13},
  number={9},
  pages={1088--1096},
  year={1994},
  publisher={IEEE}
}

@article{Szekely:13,
  title={Energy statistics: A class of statistics based on distances},
  author={Sz{\'e}kely, G{\'a}bor J and Rizzo, Maria L},
  journal={Journal of statistical planning and inference},
  volume={143},
  number={8},
  pages={1249--1272},
  year={2013},
  publisher={Elsevier}
}

@article{Fan:50,
  title={On a theorem of Weyl concerning eigenvalues of linear transformations II},
  author={Fan, Ky},
  journal={Proceedings of the National Academy of Sciences},
  volume={36},
  number={1},
  pages={31--35},
  year={1950},
  publisher={National Acad Sciences}
}

@article{Fan:10,
  title={Linear and quadratic programming approaches for the general graph partitioning problem},
  author={Fan, Neng and Pardalos, Panos M},
  journal={Journal of Global Optimization},
  volume={48},
  number={1},
  pages={57--71},
  year={2010},
  publisher={Springer}
}

@article{Goldschmidt:94,
  title={A polynomial algorithm for the k-cut problem for fixed k},
  author={Goldschmidt, Olivier and Hochbaum, Dorit S},
  journal={Mathematics of operations research},
  volume={19},
  number={1},
  pages={24--37},
  year={1994},
  publisher={INFORMS}
}
